@article{panciera2009wikipedians,
  title={Wikipedians are born, not made: a study of power editors on Wikipedia},
  author={Panciera, Katherine and Halfaker, Aaron and Terveen, Loren},
  journal={Proceedings of the ACM 2009 international conference on Supporting group work},
  year={2009},
  pages={51--60}
}

@article{halfaker2013riseanddecline,
  title={The rise and decline of an open collaboration system: How Wikipedia’s reaction to popularity is causing its decline},
  author={Halfaker, Aaron and Geiger, R. Stuart and Morgan, Jonathan T. and Riedl, John},
  journal={American Behavioral Scientist},
  volume={57},
  number={5},
  pages={664--688},
  year={2013}
}

@article{forte2013motivation,
  title={Why do people edit Wikipedia? A study of motivation and social capital},
  author={Forte, Andrea and Lampe, Cliff},
  journal={Proceedings of the ACM 2013 Conference on Computer Supported Cooperative Work},
  year={2013},
  pages={127--138}
}

@article{arazy2016quality,
  title={On the “how” and “why” of Wikipedia article quality: A Bayesian network analysis of editors’ role behaviors},
  author={Arazy, Ofer and Nov, Oded and Patterson, Raymond and Yeo, Laura},
  journal={Information \& Management},
  volume={53},
  number={5},
  pages={627--640},
  year={2016}
}

@article{lam2011wpbias,
  title={WP: Clubhouse? An exploration of Wikipedia’s gender imbalance},
  author={Lam, Shyong K. and Uduwage, Anuradha and Dong, Zhenhua and Sen, Shilad and Musicant, David R. and Terveen, Loren and Riedl, John},
  journal={Proceedings of the 7th International Symposium on Wikis and Open Collaboration},
  year={2011},
  pages={1--10}
}

@article{viegas2007editwars,
  title={Dynamics of Wikipedia editing: Results of a large-scale analysis},
  author={Vi{\'e}gas, Fernanda B. and Wattenberg, Martin and Dave, Kushal},
  journal={Proceedings of the 2004 conference on Human factors in computing systems},
  year={2007},
  pages={575--582}
}
